2101 3328
511 251 581 326 84
801 249 1633 323 JANerva'rrr

641 395 856 444 Cess'affet
882 397 1047 445 tabulis
1070 409 1184 460 opes

577 502 839 565 Mandane,
878 518 925 555 et
947 509 1148 569 pretium
1176 505 1331 558 dicere
1366 506 1608 558 nominis?

639 613 820 662 Frustra
833 652 846 672 ,
886 617 927 661 L
943 631 970 661 ε
987 632 1003 661 1
1019 631 1050 661 D
1065 630 1096 661 A
1111 649 1126 671 ,
1165 618 1288 668 fores
1318 629 1395 665 tua

587 720 739 779 Arce,
772 734 818 771 et
844 722 1078 769 Caesareis
1106 732 1216 768 nota
1243 723 1502 781 securibus,

641 831 739 879 Aut
762 831 935 878 Rheno
959 838 1114 890 patre,
1155 831 1228 878 vel
1256 841 1427 892 potens

585 937 760 988 Nutrix
788 938 957 988 lanifici
985 938 1133 998 mim,
1177 952 1223 990 et
1249 942 1403 989 uberis

640 1049 823 1098 Glebae
850 1046 986 1097 laude
1013 1049 1221 1097 beatior:

584 1155 763 1205 Frustra
791 1155 1044 1204 Palladium
1070 1160 1233 1221 pignus
1252 1197 1263 1215 ,
1299 1171 1345 1209 et
1372 1158 1512 1221 orgiis

644 1265 822 1314 Dulces
849 1263 1082 1314 Pi'e'ridum
1110 1268 1278 1315 choros

581 1374 728 1438 jaeles
745 1406 757 1426 ,
786 1374 1028 1431 magnifico
1052 1377 1234 1425 aeditua
1259 1381 1403 1435 atrio;

642 1483 741 1531 Aut
761 1480 993 1529 horrenda
1017 1484 1250 1534 furoribus

580 1592 753 1644 Serves
781 1596 1068 1645 Cantabricis
1093 1598 1304 1655 moenia,
1341 1593 1511 1644 civium

649 1705 788 1752 Duro
815 1707 990 1754 robore
1017 1706 1216 1760 nobilis,-

588 1812 637 1862 Si
662 1814 850 1862 chartae
874 1813 1174 1861 immemores
1196 1812 1319 1861 ferre
1340 1808 1619 1874 perennibus

650 1922 929 1972 Mercedem
956 1922 1115 1971 sileant
1138 1899 1270 1986 typis}

591 2033 698 2081 Hac
723 2044 768 2080 te
792 2033 848 2081 M
862 2046 881 2079 1
899 2049 923 2080 e
940 2049 968 2081 R
984 2047 1001 2080 1
1018 2049 1036 2080 s
1053 2048 1070 2079 1
1085 2049 1114 2080 v
1129 2048 1148 2080 s
1171 2034 1375 2083 condere
1401 2038 1448 2083 in
1474 2033 1659 2083 urbium

655 2143 812 2190 Fastos
841 2143 1066 2191 nobilium
1094 2145 1226 2192 labor

593 2254 815 2305 Innixus3
853 2251 999 2301 tenuit
1027 2254 1103 2302 sed
1127 2258 1276 2314 gravis
1303 2258 1510 2317 Atropos

625 2393 628 2395 -
653 2365 890 2415 Devotam
914 2366 1090 2422 patriae
1115 2378 1320 2412 manum.

842 2507 863 2537 4
899 2472 1137 2522 urbicolae
1160 2475 1324 2524 laetior
1350 2476 1573 2536 impetus,

842 2600 882 2632 1:
897 2599 932 2633 N
950 2599 967 2631 1
993 2586 1071 2646 pia⁴
1091 2584 1268 2633 civibus

799 2653 823 2674 9

796 2694 1112 2757 „Rhenigenis
1138 2694 1297 2745 dextra
1324 2697 1568 2761 nepotibus
1583 2728 1607 2759 ‚·

1724 2804 1909 2871 Magno
